<?xml version="1.0" encoding="utf-8"?>
<record xmlns="http://www.loc.gov/MARC21/slim" xmlns:xsi="http://www.w3.org/2001/XMLSchema-instance" xsi:schemaLocation="http://www.loc.gov/MARC21/slim http://www.loc.gov/standards/marcxml/schema/MARC21slim.xsd">
	<leader>     nam a22     Mi 4500</leader>
	<controlfield tag="001">479192</controlfield>
	<controlfield tag="003">NjP</controlfield>
	<controlfield tag="006">m        d        </controlfield>
	<controlfield tag="007">cr cn |||m|||a</controlfield>
	<controlfield tag="008">180814s1987    ir a    ob    000 0 ara d</controlfield>
	<datafield ind1="7" ind2=" " tag="024">
		<subfield code="a">princeton_aco001071</subfield>
		<subfield code="2">local</subfield>
	</datafield>
	<datafield ind1=" " ind2=" " tag="040">
		<subfield code="a">ZYU</subfield>
		<subfield code="b">eng</subfield>
		<subfield code="c">ZYU</subfield>
	</datafield>
	<datafield ind1=" " ind2="4" tag="050">
		<subfield code="a">BP135.A2</subfield>
		<subfield code="b">D85 1987</subfield>
	</datafield>
	<datafield ind1=" " ind2=" " tag="079">
		<subfield code="a">ocm33862114</subfield>
	</datafield>
	<datafield ind1="1" ind2=" " tag="100">
		<subfield code="6">880-01</subfield>
		<subfield code="a">Dūlābī, Muḥammad ibn Aḥmad,</subfield>
		<subfield code="d">848-932.</subfield>
	</datafield>
	<datafield ind1="1" ind2="3" tag="245">
		<subfield code="6">880-02</subfield>
		<subfield code="a">al-Dhurrīyah al-ṭāhirah</subfield>
		<subfield code="h">[electronic resource] /</subfield>
		<subfield code="c">li-Abī Bashar Muḥammad ibn Aḥmad ibn Ḥammād al-Anṣārī al-Rāzī al-Dūlābī ; ḥaqqaqahu Muḥammad Jawād al-Ḥusaynī al-Jalālī.</subfield>
	</datafield>
	<datafield ind1=" " ind2=" " tag="260">
		<subfield code="6">880-03</subfield>
		<subfield code="a">Qum :</subfield>
		<subfield code="b">Muʼassasat al-Nashr al-Islāmī al-Tābiʻah li-Jamāʻat al-Mudarrisīn,</subfield>
		<subfield code="c">1407 [1987]</subfield>
	</datafield>
	<datafield ind1=" " ind2=" " tag="300">
		<subfield code="a">online resource (184 p.) :</subfield>
		<subfield code="b">ill.</subfield>
	</datafield>
	<datafield ind1=" " ind2=" " tag="500">
		<subfield code="a">Title page partially vocalized.</subfield>
	</datafield>
	<datafield ind1=" " ind2=" " tag="500">
		<subfield code="a">&quot;477.&quot;</subfield>
	</datafield>
	<datafield ind1=" " ind2=" " tag="500">
		<subfield code="a">Part of the Arabic Collections Online (ACO) project, contributed by Princeton University Libraries.</subfield>
	</datafield>
	<datafield ind1=" " ind2=" " tag="504">
		<subfield code="a">Includes bibliographical references.</subfield>
	</datafield>
	<datafield ind1=" " ind2=" " tag="533">
		<subfield code="a">Electronic reproduction.</subfield>
		<subfield code="b">New York, N.Y. :</subfield>
		<subfield code="c">New York University,</subfield>
		<subfield code="d">2018.</subfield>
		<subfield code="5">NNU</subfield>
	</datafield>
	<datafield ind1=" " ind2="0" tag="650">
		<subfield code="a">Hadith</subfield>
		<subfield code="x">Authorities</subfield>
		<subfield code="x">Early works to 1800.</subfield>
	</datafield>
	<datafield ind1="1" ind2=" " tag="700">
		<subfield code="6">880-04</subfield>
		<subfield code="a">Jalālī, Muḥammad Jawād al-Ḥusaynī.</subfield>
	</datafield>
	<datafield ind1="2" ind2=" " tag="710">
		<subfield code="a">Princeton University.</subfield>
		<subfield code="b">Library.</subfield>
	</datafield>
	<datafield ind1="0" ind2=" " tag="730">
		<subfield code="a">Arabic Collections Online.</subfield>
	</datafield>
	<datafield ind1="0" ind2="8" tag="776">
		<subfield code="i">Print version:</subfield>
		<subfield code="a">Dūlābī, Muḥammad ibn Aḥmad, 848-932.</subfield>
		<subfield code="t">al-Dhurrīyah al-ṭāhirah</subfield>
		<subfield code="w">(NjP)479192</subfield>
	</datafield>
	<datafield ind1="4" ind2="0" tag="856">
		<subfield code="u">http://hdl.handle.net/2333.1/8931zkcb</subfield>
	</datafield>
	<datafield ind1="1" ind2=" " tag="880">
		<subfield code="6">100-01</subfield>
		<subfield code="a">دولابي، محمد بن احمد،‎‎‎</subfield>
		<subfield code="d">848-932.</subfield>
	</datafield>
	<datafield ind1="1" ind2="2" tag="880">
		<subfield code="6">245-02</subfield>
		<subfield code="a">الذرية الطاهرة /‎‎‎</subfield>
		<subfield code="c">لابي بشر محمد بن احمد بن حماد الانصاري الرازي الدولابي ؛ حققه محمد جواد الحسيني الجلالي.‎‎‎</subfield>
	</datafield>
	<datafield ind1=" " ind2=" " tag="880">
		<subfield code="6">260-03</subfield>
		<subfield code="a">قم :‎‎‎</subfield>
		<subfield code="b">مؤسسة النشر الاسلامي التابعة لجماعة المدرسين،‎‎‎</subfield>
		<subfield code="c">1407 [1987]</subfield>
	</datafield>
	<datafield ind1="1" ind2=" " tag="880">
		<subfield code="6">700-04</subfield>
		<subfield code="a">جلالي، محمد جواد الحسيني.‎‎‎</subfield>
	</datafield>
	<datafield ind1=" " ind2=" " tag="911">
		<subfield code="a">19921028</subfield>
	</datafield>
	<datafield ind1=" " ind2=" " tag="912">
		<subfield code="a">19910104000000.0</subfield>
	</datafield>
	<datafield ind1=" " ind2=" " tag="959">
		<subfield code="a">NNU</subfield>
		<subfield code="b">WEB</subfield>
		<subfield code="c">GENI</subfield>
		<subfield code="t">0</subfield>
		<subfield code="m">Electronic access</subfield>
		<subfield code="s">01</subfield>
	</datafield>
	<datafield ind1=" " ind2=" " tag="999">
		<subfield code="a">479192</subfield>
		<subfield code="e">(ERROR-MISC)</subfield>
		<subfield code="i">NjP_479192</subfield>
		<subfield code="s">princeton_aco001071</subfield>
	</datafield>
</record>
